<?xml version="1.0" encoding="UTF-8"?><collection xmlns="http://www.loc.gov/MARC21/slim"><record><leader>00383nam--2200145-i-4500</leader><controlfield tag="001">000002983</controlfield><controlfield tag="002">20161230</controlfield><controlfield tag="005">20161230201025</controlfield><controlfield tag="008">060222s1000------------r-----000-0-eng-d</controlfield><datafield ind1="1" ind2=" " tag="100"><subfield code="a">Dennemeyer, Rene</subfield></datafield><datafield ind1=" " ind2=" " tag="245"><subfield code="a">Cours de radioelectricite generale vol.3: la reception</subfield></datafield><datafield ind1=" " ind2=" " tag="260"><subfield code="a">Paris, Eyrolles, 1956</subfield></datafield><datafield ind1=" " ind2=" " tag="700"><subfield code="a">David, P</subfield></datafield><datafield ind1=" " ind2=" " tag="852"><subfield code="a">11742</subfield><subfield code="c">517.9</subfield></datafield><datafield ind1=" " ind2=" " tag="CAT"><subfield code="a">Sys</subfield><subfield code="c">20081006</subfield><subfield code="h">124800</subfield></datafield></record></collection>